<record><leader>00000cas a2200000 a 4500</leader><controlfield tag="001">701512104</controlfield><controlfield tag="006">m     o  d        </controlfield><controlfield tag="007">cr |n|||||||||</controlfield><controlfield tag="008">950613d18uu1896nbuwr neo     0   a0eng  </controlfield><datafield ind1=" " ind2=" " tag="010"><subfield code="a">  2012203851</subfield></datafield><datafield ind1=" " ind2=" " tag="040"><subfield code="a">Nz</subfield><subfield code="b">eng</subfield><subfield code="c">Z5A</subfield><subfield code="d">DLC</subfield><subfield code="d">OCLCQ</subfield><subfield code="d">OCLCF</subfield><subfield code="d">OCLCQ</subfield></datafield><datafield ind1="0" ind2=" " tag="022"><subfield code="a">2169-5148</subfield><subfield code="y">2157-8206</subfield><subfield code="2">1</subfield></datafield><datafield ind1=" " ind2=" " tag="042"><subfield code="a">pcc</subfield><subfield code="a">nsdp</subfield></datafield><datafield ind1=" " ind2=" " tag="043"><subfield code="a">n-us-nb</subfield></datafield><datafield ind1="1" ind2="0" tag="050"><subfield code="a">ISSN RECORD</subfield></datafield><datafield ind1="0" ind2="0" tag="082"><subfield code="a">071</subfield><subfield code="2">23</subfield></datafield><datafield ind1="0" ind2=" " tag="130"><subfield code="a">Cherry County independent (Online)</subfield></datafield><datafield ind1=" " ind2="0" tag="222"><subfield code="a">Cherry County independent</subfield><subfield code="b">(Online)</subfield></datafield><datafield ind1="1" ind2="0" tag="245"><subfield code="a">Cherry County independent.</subfield></datafield><datafield ind1=" " ind2=" " tag="260"><subfield code="a">Valentine, Cherry Co., Neb. :</subfield><subfield code="b">Farris &amp; Hawkes</subfield></datafield><datafield ind1=" " ind2=" " tag="310"><subfield code="a">Weekly</subfield></datafield><datafield ind1=" " ind2=" " tag="336"><subfield code="a">text</subfield><subfield code="b">txt</subfield><subfield code="2">rdacontent</subfield></datafield><datafield ind1=" " ind2=" " tag="337"><subfield code="a">computer</subfield><subfield code="b">c</subfield><subfield code="2">rdamedia</subfield></datafield><datafield ind1=" " ind2=" " tag="338"><subfield code="a">online resource</subfield><subfield code="b">cr</subfield><subfield code="2">rdacarrier</subfield></datafield><datafield ind1="0" ind2=" " tag="362"><subfield code="a">-v. 11, no. 10 (Apr. 2, 1896).</subfield></datafield><datafield ind1=" " ind2=" " tag="530"><subfield code="a">Also issued in print.</subfield></datafield><datafield ind1=" " ind2=" " tag="538"><subfield code="a">Mode of access: World Wide Web.</subfield></datafield><datafield ind1=" " ind2=" " tag="588"><subfield code="a">Description based on print version record.</subfield></datafield><datafield ind1=" " ind2=" " tag="588"><subfield code="a">Latest issue consulted: Vol. 11, no. 10 (Apr. 2, 1896) (Chroniclingamerica.loc.gov, viewed Aug. 31, 2012).</subfield></datafield><datafield ind1=" " ind2="0" tag="651"><subfield code="a">Valentine (Neb.)</subfield><subfield code="v">Newspapers.</subfield></datafield><datafield ind1=" " ind2="0" tag="651"><subfield code="a">Cherry County (Neb.)</subfield><subfield code="v">Newspapers.</subfield></datafield><datafield ind1=" " ind2="7" tag="651"><subfield code="a">Nebraska</subfield><subfield code="z">Cherry County.</subfield><subfield code="2">fast</subfield><subfield code="0">(OCoLC)fst01234855</subfield></datafield><datafield ind1=" " ind2="7" tag="651"><subfield code="a">Nebraska</subfield><subfield code="z">Valentine.</subfield><subfield code="2">fast</subfield><subfield code="0">(OCoLC)fst01217569</subfield></datafield><datafield ind1=" " ind2="7" tag="655"><subfield code="a">Newspapers.</subfield><subfield code="2">fast</subfield><subfield code="0">(OCoLC)fst01423814</subfield></datafield><datafield ind1=" " ind2=" " tag="752"><subfield code="a">United States</subfield><subfield code="b">Nebraska</subfield><subfield code="c">Cherry</subfield><subfield code="d">Valentine.</subfield></datafield><datafield ind1="1" ind2=" " tag="776"><subfield code="t">Cherry County independent</subfield><subfield code="x">2157-8206</subfield><subfield code="w">(DLC)sn 95069777</subfield><subfield code="w">(OCoLC)489049542</subfield></datafield><datafield ind1="0" ind2="0" tag="785"><subfield code="t">Valentine Democrat (Online)</subfield><subfield code="w">(OCoLC)701515064</subfield></datafield><datafield ind1="4" ind2="0" tag="856"><subfield code="u">http://YU7RZ9HN8Y.search.serialssolutions.com/?V=1.0&amp;L=YU7RZ9HN8Y&amp;S=JCs&amp;C=TC0000389986&amp;T=marc</subfield></datafield><datafield ind1="4" ind2="0" tag="856"><subfield code="u">http://www.loc.gov/chroniclingamerica/lccn/sn95069777/issues</subfield></datafield><datafield ind1="0" ind2=" " tag="029"><subfield code="a">NZ1</subfield><subfield code="b">13540384</subfield></datafield><datafield ind1="1" ind2=" " tag="029"><subfield code="a">NZ1</subfield><subfield code="b">16244264</subfield></datafield></record>